<?xml version="1.0" encoding="UTF-8"?>
<catalog marc="http://www.loc.gov/MARC21/slim">
<record>
<leader>00857nas a22001810a 45 0</leader>
<controlfield tag="001">S0020859000009780</controlfield>
<controlfield tag="003">NL-AMISG</controlfield>
<controlfield tag="005">20130725173629</controlfield>
<controlfield tag="008">199902suuuuuuuu||||||||||||||||||||||| d</controlfield>
<datafield tag="100" ind1=" " ind2=" ">
<subfield code="a">Bernecker, Walther L.</subfield>
</datafield>
<datafield tag="245" ind1=" " ind2=" ">
<subfield code="a">Review of "Dictatorship, Workers, and the City. Labour in Greater Barcelona since 1939"
                                     by Sebastian,
                                        Balfour. Oxford</subfield>
<subfield code="k">book-review</subfield>
</datafield>
<datafield tag="260" ind1=" " ind2=" ">
<subfield code="a">Cambridge, UK :</subfield>
<subfield code="b">Cambridge University Press,</subfield>
<subfield code="c">1990</subfield>
</datafield>
<datafield tag="300" ind1=" " ind2=" ">
<subfield code="a">2 p.</subfield>
</datafield>
<datafield tag="773" ind1="0" ind2="#">
<subfield code="a">International Review of Social History</subfield>
<subfield code="g">vol. 35(1990) no.1, p. 138-139.</subfield>
</datafield>
<datafield tag="540" ind1=" " ind2=" ">
<subfield code="b">Copyright © Internationaal Instituut voor Sociale Geschiedenis 1990</subfield>
</datafield>
<datafield tag="852" ind1=" " ind2=" ">
<subfield code="a">IISG</subfield>
<subfield code="b">IISG</subfield>
<subfield code="c">IRSH</subfield>
<subfield code="j">IRSH</subfield>
</datafield>
<datafield tag="856" ind1=" " ind2=" ">
<subfield code="u">http://hdl.handle.net/10622/S0020859000009780?locatt=view:master</subfield>
<subfield code="q">application/pdf</subfield>
</datafield>
<datafield tag="902" ind1=" " ind2=" ">
<subfield code="a">10622/S0020859000009780</subfield>
</datafield>
</record>