
<record>
<leader>00857nas a22001810a 45 0</leader>
<controlfield tag="001">S0020859000005940</controlfield>
<controlfield tag="003">NL-AMISG</controlfield>
<controlfield tag="005">20130725173629</controlfield>
<controlfield tag="008">199902suuuuuuuu||||||||||||||||||||||| d</controlfield>
<datafield tag="100" ind1=" " ind2=" ">
<subfield code="a">Baker, Donald N.</subfield>
</datafield>
<datafield tag="245" ind1=" " ind2=" ">
<subfield code="a">The Socialists and the Workers of Paris: , 1936–40</subfield>
<subfield code="k">research-article</subfield>
</datafield>
<datafield tag="260" ind1=" " ind2=" ">
<subfield code="a">Cambridge, UK :</subfield>
<subfield code="b">Cambridge University Press,</subfield>
<subfield code="c">1979</subfield>
</datafield>
<datafield tag="300" ind1=" " ind2=" ">
<subfield code="a">33 p.</subfield>
</datafield>
<datafield tag="520" ind1=" " ind2=" ">
<subfield code="a">The Popular Front's victory in the legislative elections of April-May 1936 caused a great sense of relief and then a joyful upsurge of hope and idealism in its supporters. Spontaneously, thousands of workers began to occupy shops and factories. On June 4, when the Blum government came to office, the strikes had begun to paralyze the economy. In the next two weeks, perhaps because it was clear that the Blum government was not going to suppress the strikes but rather to negotiate an end to them, perhaps because by that time it was also clear that neither the Confédération Générale du Travail nor the Communist and Socialist parties would try to take advantage of the situation for an insurrectionary purpose, the strikes spread like wildfire throughout the country. Hundreds of thousands of workers apparently wanted to guarantee, through “direct action”, that the benefits of the Matignon accords and of the promised legislation would apply in their industry or region. It was in these conditions that the Blum government managed to get the conservative Senate's approval for the most progressive social reforms of the Third Republic.</subfield>
</datafield>
<datafield tag="773" ind1="0" ind2="#">
<subfield code="a">International Review of Social History</subfield>
<subfield code="g">vol. 24(1979) no.1, p. 1-33.</subfield>
</datafield>
<datafield tag="540" ind1=" " ind2=" ">
<subfield code="b">Copyright © Internationaal Instituut voor Sociale Geschiedenis 1979</subfield>
</datafield>
<datafield tag="852" ind1=" " ind2=" ">
<subfield code="a">IISG</subfield>
<subfield code="b">IISG</subfield>
<subfield code="c">IRSH</subfield>
<subfield code="j">IRSH</subfield>
</datafield>
<datafield tag="856" ind1=" " ind2=" ">
<subfield code="u">http://hdl.handle.net/10622/S0020859000005940?locatt=view:master</subfield>
<subfield code="q">application/pdf</subfield>
</datafield>
<datafield tag="902" ind1=" " ind2=" ">
<subfield code="a">10622/S0020859000005940</subfield>
</datafield>
</record>