
<record>
<leader>00857nas a22001810a 45 0</leader>
<controlfield tag="001">S002085900000496X</controlfield>
<controlfield tag="003">NL-AMISG</controlfield>
<controlfield tag="005">20130725173629</controlfield>
<controlfield tag="008">199902suuuuuuuu||||||||||||||||||||||| d</controlfield>
<datafield tag="245" ind1=" " ind2=" ">
<subfield code="a">Bibliography</subfield>
<subfield code="k">other</subfield>
</datafield>
<datafield tag="260" ind1=" " ind2=" ">
<subfield code="a">Cambridge, UK :</subfield>
<subfield code="b">Cambridge University Press,</subfield>
<subfield code="c">1975</subfield>
</datafield>
<datafield tag="300" ind1=" " ind2=" ">
<subfield code="a">39 p.</subfield>
</datafield>
<datafield tag="773" ind1="0" ind2="#">
<subfield code="a">International Review of Social History</subfield>
<subfield code="g">vol. 20(1975) no.2, p. 273-311.</subfield>
</datafield>
<datafield tag="540" ind1=" " ind2=" ">
<subfield code="b">Copyright © Internationaal Instituut voor Sociale Geschiedenis 1975</subfield>
</datafield>
<datafield tag="852" ind1=" " ind2=" ">
<subfield code="a">IISG</subfield>
<subfield code="b">IISG</subfield>
<subfield code="c">IRSH</subfield>
<subfield code="j">IRSH</subfield>
</datafield>
<datafield tag="856" ind1=" " ind2=" ">
<subfield code="u">http://hdl.handle.net/10622/S002085900000496X?locatt=view:master</subfield>
<subfield code="q">application/pdf</subfield>
</datafield>
<datafield tag="902" ind1=" " ind2=" ">
<subfield code="a">10622/S002085900000496X</subfield>
</datafield>
</record>