
<record>
<leader>00857nas a22001810a 45 0</leader>
<controlfield tag="001">S0020859000000900</controlfield>
<controlfield tag="003">NL-AMISG</controlfield>
<controlfield tag="005">20130725173629</controlfield>
<controlfield tag="008">199902suuuuuuuu||||||||||||||||||||||| d</controlfield>
<datafield tag="100" ind1=" " ind2=" ">
<subfield code="a">Dyos, H. J.</subfield>
</datafield>
<datafield tag="245" ind1=" " ind2=" ">
<subfield code="a">Urban Transformation</subfield>
<subfield code="k">research-article</subfield>
</datafield>
<datafield tag="260" ind1=" " ind2=" ">
<subfield code="a">Cambridge, UK :</subfield>
<subfield code="b">Cambridge University Press,</subfield>
<subfield code="c">1957</subfield>
</datafield>
<datafield tag="300" ind1=" " ind2=" ">
<subfield code="a">7 p.</subfield>
</datafield>
<datafield tag="520" ind1=" " ind2=" ">
<subfield code="a">The gradual acceptance by politically influential people of the belief that deliberate control of town growth was both feasible and fruitful is a theme in the history of town planning which has many aspects. The transformation of nineteenth century cities by means of street improvement was one of these; and Mr. David Pinkney has recently made a mature assessment of the range of motives underlying the sweeping changes wrought in the configuration of Parisian streets under the Second Empire. By contrast with Paris under the prefecture of Baron Haussmann, the transformation of London was tentative, not to say hesitating, and not undertaken for all the same reasons. In Paris, Mr. Pinkney has shown that political and strategic aims were mixed with desires for aesthetic and social amelioration. “In London”, Napoleon III is reported as saying, “they are concerned only with giving the best possible satisfaction to the needs of traffic.” But were they? It is the purpose of this brief note to comment on the validity of this assertion, and in doing so to illustrate an early approach to matters of urban improvement which are still at the heart of some contemporary town-planning problems.</subfield>
</datafield>
<datafield tag="773" ind1="0" ind2="#">
<subfield code="a">International Review of Social History</subfield>
<subfield code="g">vol. 2(1957) no.2, p. 259-265.</subfield>
</datafield>
<datafield tag="540" ind1=" " ind2=" ">
<subfield code="b">Copyright © Internationaal Instituut voor Sociale Geschiedenis 1957</subfield>
</datafield>
<datafield tag="852" ind1=" " ind2=" ">
<subfield code="a">IISG</subfield>
<subfield code="b">IISG</subfield>
<subfield code="c">IRSH</subfield>
<subfield code="j">IRSH</subfield>
</datafield>
<datafield tag="856" ind1=" " ind2=" ">
<subfield code="u">http://hdl.handle.net/10622/S0020859000000900?locatt=view:master</subfield>
<subfield code="q">application/pdf</subfield>
</datafield>
<datafield tag="902" ind1=" " ind2=" ">
<subfield code="a">10622/S0020859000000900</subfield>
</datafield>
</record>