
<record>
<leader>00857nas a22001810a 45 0</leader>
<controlfield tag="001">S0020859000002364</controlfield>
<controlfield tag="003">NL-AMISG</controlfield>
<controlfield tag="005">20130725173629</controlfield>
<controlfield tag="008">199902suuuuuuuu||||||||||||||||||||||| d</controlfield>
<datafield tag="100" ind1=" " ind2=" ">
<subfield code="a">Kendall, Walter</subfield>
</datafield>
<datafield tag="245" ind1=" " ind2=" ">
<subfield code="a">Russian Emigration and British Marxist Socialism</subfield>
<subfield code="k">research-article</subfield>
</datafield>
<datafield tag="260" ind1=" " ind2=" ">
<subfield code="a">Cambridge, UK :</subfield>
<subfield code="b">Cambridge University Press,</subfield>
<subfield code="c">1963</subfield>
</datafield>
<datafield tag="300" ind1=" " ind2=" ">
<subfield code="a">28 p.</subfield>
</datafield>
<datafield tag="520" ind1=" " ind2=" ">
<subfield code="a">Britain's tradition of political asylum has for centuries brought refugees of many nationalities to her shores. The influence both direct and indirect, which they have exerted on British life has been a factor of no small importance. The role of religious immigration has frequently been examined, that of the socialist emigrés from Central Europe has so far received less detailed attention.</subfield>
</datafield>
<datafield tag="773" ind1="0" ind2="#">
<subfield code="a">International Review of Social History</subfield>
<subfield code="g">vol. 8(1963) no.3, p. 351-378.</subfield>
</datafield>
<datafield tag="540" ind1=" " ind2=" ">
<subfield code="b">Copyright © Internationaal Instituut voor Sociale Geschiedenis 1963</subfield>
</datafield>
<datafield tag="852" ind1=" " ind2=" ">
<subfield code="a">IISG</subfield>
<subfield code="b">IISG</subfield>
<subfield code="c">IRSH</subfield>
<subfield code="j">IRSH</subfield>
</datafield>
<datafield tag="856" ind1=" " ind2=" ">
<subfield code="u">http://hdl.handle.net/10622/S0020859000002364?locatt=view:master</subfield>
<subfield code="q">application/pdf</subfield>
</datafield>
<datafield tag="902" ind1=" " ind2=" ">
<subfield code="a">10622/S0020859000002364</subfield>
</datafield>
</record>
</catalog>